<!DOCTYPE html>
<meta charset="utf-8" />
<!-- version 1 -->
<title>[Gen 7] OU replay: LiangMi vs. Megayandel1</title>
<style>
html,body {font-family:Verdana, sans-serif;font-size:10pt;margin:0;padding:0;}body{padding:12px 0;} .battle-log {font-family:Verdana, sans-serif;font-size:10pt;} .battle-log-inline {border:1px solid #AAAAAA;background:#EEF2F5;color:black;max-width:640px;margin:0 auto 80px;padding-bottom:5px;} .battle-log .inner {padding:4px 8px 0px 8px;} .battle-log .inner-preempt {padding:0 8px 4px 8px;} .battle-log .inner-after {margin-top:0.5em;} .battle-log h2 {margin:0.5em -8px;padding:4px 8px;border:1px solid #AAAAAA;background:#E0E7EA;border-left:0;border-right:0;font-family:Verdana, sans-serif;font-size:13pt;} .battle-log .chat {vertical-align:middle;padding:3px 0 3px 0;font-size:8pt;} .battle-log .chat strong {color:#40576A;} .battle-log .chat em {padding:1px 4px 1px 3px;color:#000000;font-style:normal;} .chat.mine {background:rgba(0,0,0,0.05);margin-left:-8px;margin-right:-8px;padding-left:8px;padding-right:8px;} .spoiler {color:#BBBBBB;background:#BBBBBB;padding:0px 3px;} .spoiler:hover, .spoiler:active, .spoiler-shown {color:#000000;background:#E2E2E2;padding:0px 3px;} .spoiler a {color:#BBBBBB;} .spoiler:hover a, .spoiler:active a, .spoiler-shown a {color:#2288CC;} .chat code, .chat .spoiler:hover code, .chat .spoiler:active code, .chat .spoiler-shown code {border:1px solid #C0C0C0;background:#EEEEEE;color:black;padding:0 2px;} .chat .spoiler code {border:1px solid #CCCCCC;background:#CCCCCC;color:#CCCCCC;} .battle-log .rated {padding:3px 4px;} .battle-log .rated strong {color:white;background:#89A;padding:1px 4px;border-radius:4px;} .spacer {margin-top:0.5em;} .message-announce {background:#6688AA;color:white;padding:1px 4px 2px;} .message-announce a, .broadcast-green a, .broadcast-blue a, .broadcast-red a {color:#DDEEFF;} .broadcast-green {background-color:#559955;color:white;padding:2px 4px;} .broadcast-blue {background-color:#6688AA;color:white;padding:2px 4px;} .infobox {border:1px solid #6688AA;padding:2px 4px;} .infobox-limited {max-height:200px;overflow:auto;overflow-x:hidden;} .broadcast-red {background-color:#AA5544;color:white;padding:2px 4px;} .message-learn-canlearn {font-weight:bold;color:#228822;text-decoration:underline;} .message-learn-cannotlearn {font-weight:bold;color:#CC2222;text-decoration:underline;} .message-effect-weak {font-weight:bold;color:#CC2222;} .message-effect-resist {font-weight:bold;color:#6688AA;} .message-effect-immune {font-weight:bold;color:#666666;} .message-learn-list {margin-top:0;margin-bottom:0;} .message-throttle-notice, .message-error {color:#992222;} .message-overflow, .chat small.message-overflow {font-size:0pt;} .message-overflow::before {font-size:9pt;content:'...';} .subtle {color:#3A4A66;}
</style>
<div class="wrapper replay-wrapper" style="max-width:1180px;margin:0 auto">
<input type="hidden" name="replayid" value="gen7ou-838712218" />
<div class="battle"></div><div class="battle-log"></div><div class="replay-controls"></div><div class="replay-controls-2"></div>
<h1 style="font-weight:normal;text-align:center"><strong>[Gen 7] OU</strong><br /><a href="http://pokemonshowdown.com/users/liangmi" class="subtle" target="_blank">LiangMi</a> vs. <a href="http://pokemonshowdown.com/users/megayandel1" class="subtle" target="_blank">Megayandel1</a></h1>
<script type="text/plain" class="battle-log-data">|j|☆LiangMi
|j|☆Megayandel1
|player|p1|LiangMi|165
|player|p2|Megayandel1|266
|teamsize|p1|6
|teamsize|p2|6
|gametype|singles
|gen|7
|tier|[Gen 7] OU
|rated|
|html|<div class="broadcast-green"><strong>OU is currently suspecting Zygarde! For information on how to participate check out the <a href="https:\/\/www.smogon.com\/forums\/threads\/3645049\/">suspect thread<\/a>.<\/strong><\/div>
|rule|Sleep Clause Mod: Limit one foe put to sleep
|rule|Species Clause: Limit one of each Pokémon
|rule|OHKO Clause: OHKO moves are banned
|rule|Moody Clause: Moody is banned
|rule|Evasion Moves Clause: Evasion moves are banned
|rule|Endless Battle Clause: Forcing endless battles is banned
|rule|HP Percentage Mod: HP is shown in percentages
|clearpoke
|poke|p1|Beedrill, F|item
|poke|p1|Garchomp, M|item
|poke|p1|Keldeo-Resolute|item
|poke|p1|Tapu Lele|item
|poke|p1|Magnezone|item
|poke|p1|Tornadus-Therian, M|item
|poke|p2|Incineroar, F|item
|poke|p2|Zapdos|item
|poke|p2|Kartana|item
|poke|p2|Volcarona, M|item
|poke|p2|Venusaur, F|item
|poke|p2|Celesteela|item
|teampreview
|
|start
|switch|p1a: Beedrill|Beedrill, F|100\/100
|switch|p2a: Zapdos|Zapdos|100\/100
|turn|1
|
|detailschange|p1a: Beedrill|Beedrill-Mega, F
|-mega|p1a: Beedrill|Beedrill|Beedrillite
|move|p1a: Beedrill|Poison Jab|p2a: Zapdos
|-damage|p2a: Zapdos|55\/100
|-damage|p1a: Beedrill|84\/100|[from] item: Rocky Helmet|[of] p2a: Zapdos
|move|p2a: Zapdos|Heat Wave|p1a: Beedrill
|-supereffective|p1a: Beedrill
|-damage|p1a: Beedrill|0 fnt
|faint|p1a: Beedrill
|
|upkeep
|
|switch|p1a: Tapu Lele|Tapu Lele|100\/100
|-fieldstart|move: Psychic Terrain|[from] ability: Psychic Surge|[of] p1a: Tapu Lele
|turn|2
|
|switch|p2a: Incineroar|Incineroar, F|100\/100
|-ability|p2a: Incineroar|Intimidate|boost
|-unboost|p1a: Tapu Lele|atk|1
|move|p1a: Tapu Lele|Moonblast|p2a: Incineroar
|-damage|p2a: Incineroar|50\/100
|-unboost|p2a: Incineroar|spa|1
|
|upkeep
|turn|3
|
|move|p1a: Tapu Lele|Moonblast|p2a: Incineroar
|-damage|p2a: Incineroar|4\/100
|-unboost|p2a: Incineroar|spa|1
|move|p2a: Incineroar|U-turn|p1a: Tapu Lele
|-damage|p1a: Tapu Lele|67\/100
|
|switch|p2a: Venusaur|Venusaur, F|100\/100
|
|upkeep
|turn|4
|
|switch|p1a: Garchomp|Garchomp, M|100\/100
|detailschange|p2a: Venusaur|Venusaur-Mega, F
|-mega|p2a: Venusaur|Venusaur|Venusaurite
|move|p2a: Venusaur|Leech Seed|p1a: Garchomp
|-start|p1a: Garchomp|move: Leech Seed
|
|-damage|p1a: Garchomp|88\/100|[from] Leech Seed|[of] p2a: Venusaur
|upkeep
|turn|5
|
|switch|p1a: Tapu Lele|Tapu Lele|67\/100
|switch|p2a: Zapdos|Zapdos|55\/100
|
|upkeep
|turn|6
|
|move|p1a: Tapu Lele|Moonblast|p2a: Zapdos
|-damage|p2a: Zapdos|0 fnt
|faint|p2a: Zapdos
|
|-fieldend|move: Psychic Terrain
|upkeep
|
|switch|p2a: Volcarona|Volcarona, M|100\/100
|turn|7
|
|switch|p1a: Keldeo|Keldeo-Resolute|100\/100
|move|p2a: Volcarona|Fiery Dance|p1a: Keldeo
|-resisted|p1a: Keldeo
|-damage|p1a: Keldeo|77\/100
|-boost|p2a: Volcarona|spa|1
|
|upkeep
|turn|8
|
|move|p1a: Keldeo|Stone Edge|p2a: Volcarona
|-supereffective|p2a: Volcarona
|-damage|p2a: Volcarona|24\/100
|move|p2a: Volcarona|Giga Drain|p1a: Keldeo
|-supereffective|p1a: Keldeo
|-damage|p1a: Keldeo|0 fnt
|-heal|p2a: Volcarona|61\/100|[from] drain|[of] p1a: Keldeo
|faint|p1a: Keldeo
|
|-heal|p2a: Volcarona|67\/100|[from] item: Leftovers
|upkeep
|
|switch|p1a: Tornadus|Tornadus-Therian, M|100\/100
|turn|9
|
|-zpower|p1a: Tornadus
|move|p1a: Tornadus|Supersonic Skystrike|p2a: Volcarona|[zeffect]
|-supereffective|p2a: Volcarona
|-damage|p2a: Volcarona|0 fnt
|faint|p2a: Volcarona
|
|upkeep
|inactive|Battle timer is ON: inactive players will automatically lose when time's up. (requested by LiangMi)
|
|switch|p2a: Celesteela|Celesteela|100\/100
|turn|10
|
|move|p1a: Tornadus|Knock Off|p2a: Celesteela
|-damage|p2a: Celesteela|87\/100
|move|p2a: Celesteela|Flamethrower|p1a: Tornadus
|-damage|p1a: Tornadus|71\/100
|-status|p1a: Tornadus|brn
|
|-damage|p1a: Tornadus|65\/100 brn|[from] brn
|upkeep
|turn|11
|
|move|p1a: Tornadus|U-turn|p2a: Celesteela
|-resisted|p2a: Celesteela
|-damage|p2a: Celesteela|85\/100
|
|switch|p1a: Magnezone|Magnezone|100\/100
|move|p2a: Celesteela|Autotomize|p2a: Celesteela
|-boost|p2a: Celesteela|spe|2
|-start|p2a: Celesteela|Autotomize
|
|upkeep
|turn|12
|
|move|p2a: Celesteela|Flamethrower|p1a: Magnezone
|-supereffective|p1a: Magnezone
|-damage|p1a: Magnezone|56\/100
|move|p1a: Magnezone|Thunderbolt|p2a: Celesteela
|-supereffective|p2a: Celesteela
|-damage|p2a: Celesteela|0 fnt
|faint|p2a: Celesteela
|
|upkeep
|
|switch|p2a: Kartana|Kartana|100\/100
|turn|13
|
|move|p2a: Kartana|Knock Off|p1a: Magnezone
|-damage|p1a: Magnezone|12\/100
|-enditem|p1a: Magnezone|Assault Vest|[from] move: Knock Off|[of] p2a: Kartana
|move|p1a: Magnezone|Hidden Power|p2a: Kartana
|-supereffective|p2a: Kartana
|-damage|p2a: Kartana|0 fnt
|faint|p2a: Kartana
|
|upkeep
|
|switch|p2a: Venusaur|Venusaur-Mega, F|100\/100
|turn|14
|
|move|p2a: Venusaur|Giga Drain|p1a: Magnezone
|-resisted|p1a: Magnezone
|-damage|p1a: Magnezone|0 fnt
|faint|p1a: Magnezone
|
|upkeep
|
|switch|p1a: Garchomp|Garchomp, M|88\/100
|turn|15
|
|move|p1a: Garchomp|Stealth Rock|p2a: Venusaur
|-sidestart|p2: Megayandel1|move: Stealth Rock
|move|p2a: Venusaur|Leech Seed|p1a: Garchomp
|-start|p1a: Garchomp|move: Leech Seed
|
|-damage|p1a: Garchomp|76\/100|[from] Leech Seed|[of] p2a: Venusaur
|upkeep
|turn|16
|
|switch|p1a: Tornadus|Tornadus-Therian, M|98\/100 brn
|move|p2a: Venusaur|Giga Drain|p1a: Tornadus
|-resisted|p1a: Tornadus
|-damage|p1a: Tornadus|78\/100 brn
|
|-damage|p1a: Tornadus|71\/100 brn|[from] brn
|upkeep
|turn|17
|
|move|p1a: Tornadus|Hurricane|p2a: Venusaur|[miss]
|-miss|p1a: Tornadus|p2a: Venusaur
|move|p2a: Venusaur|Sludge Bomb|p1a: Tornadus
|-damage|p1a: Tornadus|23\/100 brn
|
|-damage|p1a: Tornadus|17\/100 brn|[from] brn
|upkeep
|turn|18
|
|move|p1a: Tornadus|U-turn|p2a: Venusaur
|-damage|p2a: Venusaur|94\/100
|
|switch|p1a: Garchomp|Garchomp, M|76\/100
|move|p2a: Venusaur|Giga Drain|p1a: Garchomp
|-damage|p1a: Garchomp|43\/100
|-heal|p2a: Venusaur|100\/100|[from] drain|[of] p1a: Garchomp
|
|upkeep
|turn|19
|
|move|p2a: Venusaur|Giga Drain|p1a: Garchomp
|-damage|p1a: Garchomp|10\/100
|move|p1a: Garchomp|Roar|p2a: Venusaur
|drag|p2a: Incineroar|Incineroar, F|4\/100
|-damage|p2a: Incineroar|0 fnt|[from] Stealth Rock
|faint|p2a: Incineroar
|
|upkeep
|
|switch|p2a: Venusaur|Venusaur-Mega, F|100\/100
|-damage|p2a: Venusaur|88\/100|[from] Stealth Rock
|turn|20
|
|move|p1a: Garchomp|Earthquake|p2a: Venusaur
|-damage|p2a: Venusaur|49\/100
|move|p2a: Venusaur|Giga Drain|p1a: Garchomp
|-damage|p1a: Garchomp|0 fnt
|-heal|p2a: Venusaur|56\/100|[from] drain|[of] p1a: Garchomp
|faint|p1a: Garchomp
|
|upkeep
|
|switch|p1a: Tapu Lele|Tapu Lele|67\/100
|-fieldstart|move: Psychic Terrain|[from] ability: Psychic Surge|[of] p1a: Tapu Lele
|turn|21
|
|move|p1a: Tapu Lele|Psychic|p2a: Venusaur
|-supereffective|p2a: Venusaur
|-damage|p2a: Venusaur|0 fnt
|faint|p2a: Venusaur
|
|win|LiangMi
|l|☆Megayandel1
|raw|LiangMi's rating: 1738 &rarr; <strong>1750<\/strong><br \/>(+12 for winning)
|raw|Megayandel1's rating: 1586 &rarr; <strong>1574<\/strong><br \/>(-12 for losing)
</script>
</div>
<div class="battle-log battle-log-inline"><div class="inner"><div class="battle-options"></div><div class="inner"><div class="chat"><small>☆LiangMi joined.</small></div><div class="chat"><small>☆Megayandel1 joined.</small></div><div class=""><small>Format:</small> <br><strong>[Gen 7] OU</strong></div><div class="rated"><strong>Rated battle</strong></div><div class="chat"><div class="broadcast-green"><strong>OU is currently suspecting Zygarde! For information on how to participate check out the <a href="https://www.smogon.com/forums/threads/3645049/" target="_blank" rel="noopener">suspect thread</a>.</strong></div></div><div class=""><small><em>Sleep Clause Mod:</em> Limit one foe put to sleep</small></div><div class=""><small><em>Species Clause:</em> Limit one of each Pokémon</small></div><div class=""><small><em>OHKO Clause:</em> OHKO moves are banned</small></div><div class=""><small><em>Moody Clause:</em> Moody is banned</small></div><div class=""><small><em>Evasion Moves Clause:</em> Evasion moves are banned</small></div><div class=""><small><em>Endless Battle Clause:</em> Forcing endless battles is banned</small></div><div class=""><small><em>HP Percentage Mod:</em> HP is shown in percentages</small></div><div class="chat battle-history"><strong>LiangMi's team:</strong> <em style="color:#445566;display:block;">Beedrill / Garchomp / Keldeo-Resolute / Tapu Lele / Magnezone / Tornadus-Therian</em></div><div class="chat battle-history"><strong>Megayandel1's team:</strong> <em style="color:#445566;display:block;">Incineroar / Zapdos / Kartana / Volcarona / Venusaur / Celesteela</em></div><div class="spacer battle-history"><br></div><div class="battle-history">Battle started between LiangMi and Megayandel1!<br></div><div class="spacer battle-history"><br></div><div class="battle-history">Go! <strong>Beedrill</strong>!<br></div><div class="spacer battle-history"><br></div><div class="battle-history">Megayandel1 sent out <strong>Zapdos</strong>!<br></div><div class="spacer battle-history"><br></div><h2 class="battle-history">Turn 1</h2><div class="spacer battle-history"><br></div><div class="battle-history"><small>Beedrill's Beedrillite is reacting to the Key Stone!</small><br>Beedrill has Mega Evolved into Mega Beedrill!<br></div><div class="spacer battle-history"><br></div><div class="battle-history">Beedrill used <strong>Poison Jab</strong>!<br></div><div class="battle-history"><small>(The opposing Zapdos lost 45% of its health!)</small><br></div><div class="battle-history"><small>Beedrill was hurt by the Rocky Helmet!</small><br></div><div class="spacer battle-history"><br></div><div class="battle-history">The opposing Zapdos used <strong>Heat Wave</strong>!<br></div><div class="battle-history"><small>It's super effective!</small><br></div><div class="battle-history"><small>(Beedrill lost 84% of its health!)</small><br></div><div class="spacer battle-history"><br></div><div class="battle-history">Beedrill fainted!<br></div><div class="spacer battle-history"><br></div><div class="battle-history">Go! <strong>Tapu Lele</strong>!<br></div><div class="battle-history"><small>[Tapu Lele's Psychic Surge]</small><br><small>The battlefield got weird!</small><br></div><div class="spacer battle-history"><br></div><h2 class="battle-history">Turn 2</h2><div class="spacer battle-history"><br></div><div class="battle-history">Megayandel1 withdrew Zapdos!<br></div><div class="battle-history">Megayandel1 sent out <strong>Incineroar</strong>!<br></div><div class="battle-history"><small>[The opposing Incineroar's Intimidate]</small><br></div><div class="battle-history"><small>Tapu Lele's Attack fell!</small><br></div><div class="spacer battle-history"><br></div><div class="battle-history">Tapu Lele used <strong>Moonblast</strong>!<br></div><div class="battle-history"><small>(The opposing Incineroar lost 50% of its health!)</small><br></div><div class="battle-history"><small>The opposing Incineroar's Special Attack fell!</small><br></div><div class="spacer battle-history"><br></div><h2 class="battle-history">Turn 3</h2><div class="spacer battle-history"><br></div><div class="battle-history">Tapu Lele used <strong>Moonblast</strong>!<br></div><div class="battle-history"><small>(The opposing Incineroar lost 46% of its health!)</small><br></div><div class="battle-history"><small>The opposing Incineroar's Special Attack fell!</small><br></div><div class="spacer battle-history"><br></div><div class="battle-history">The opposing Incineroar used <strong>U-turn</strong>!<br></div><div class="battle-history"><small>(Tapu Lele lost 33% of its health!)</small><br></div><div class="spacer battle-history"><br></div><div class="battle-history">The opposing Incineroar went back to Megayandel1!<br></div><div class="battle-history">Megayandel1 sent out <strong>Venusaur</strong>!<br></div><div class="spacer battle-history"><br></div><h2 class="battle-history">Turn 4</h2><div class="spacer battle-history"><br></div><div class="battle-history">Tapu Lele, come back!<br></div><div class="battle-history">Go! <strong>Garchomp</strong>!<br></div><div class="spacer battle-history"><br></div><div class="battle-history"><small>The opposing Venusaur's Venusaurite is reacting to the Key Stone!</small><br>The opposing Venusaur has Mega Evolved into Mega Venusaur!<br></div><div class="spacer battle-history"><br></div><div class="battle-history">The opposing Venusaur used <strong>Leech Seed</strong>!<br></div><div class="battle-history"><small>Garchomp was seeded!</small><br></div><div class="spacer battle-history"><br></div><div class="battle-history"><small>Garchomp's health is sapped by Leech Seed!</small><br></div><div class="spacer battle-history"><br></div><h2 class="battle-history">Turn 5</h2><div class="spacer battle-history"><br></div><div class="battle-history">Garchomp, come back!<br></div><div class="battle-history">Go! <strong>Tapu Lele</strong>!<br></div><div class="spacer battle-history"><br></div><div class="battle-history">Megayandel1 withdrew Venusaur!<br></div><div class="battle-history">Megayandel1 sent out <strong>Zapdos</strong>!<br></div><div class="spacer battle-history"><br></div><h2 class="battle-history">Turn 6</h2><div class="spacer battle-history"><br></div><div class="battle-history">Tapu Lele used <strong>Moonblast</strong>!<br></div><div class="battle-history"><small>(The opposing Zapdos lost 55% of its health!)</small><br></div><div class="spacer battle-history"><br></div><div class="battle-history">The opposing Zapdos fainted!<br></div><div class="spacer battle-history"><br></div><div class="battle-history"><small>The weirdness disappeared from the battlefield!</small><br></div><div class="spacer battle-history"><br></div><div class="battle-history">Megayandel1 sent out <strong>Volcarona</strong>!<br></div><div class="spacer battle-history"><br></div><h2 class="battle-history">Turn 7</h2><div class="spacer battle-history"><br></div><div class="battle-history">Tapu Lele, come back!<br></div><div class="battle-history">Go! Keldeo (<strong>Keldeo-Resolute</strong>)!<br></div><div class="spacer battle-history"><br></div><div class="battle-history">The opposing Volcarona used <strong>Fiery Dance</strong>!<br></div><div class="battle-history"><small>It's not very effective...</small><br></div><div class="battle-history"><small>(Keldeo lost 23% of its health!)</small><br></div><div class="battle-history"><small>The opposing Volcarona's Special Attack rose!</small><br></div><div class="spacer battle-history"><br></div><h2 class="battle-history">Turn 8</h2><div class="spacer battle-history"><br></div><div class="battle-history">Keldeo used <strong>Stone Edge</strong>!<br></div><div class="battle-history"><small>It's super effective!</small><br></div><div class="battle-history"><small>(The opposing Volcarona lost 76% of its health!)</small><br></div><div class="spacer battle-history"><br></div><div class="battle-history">The opposing Volcarona used <strong>Giga Drain</strong>!<br></div><div class="battle-history"><small>It's super effective!</small><br></div><div class="battle-history"><small>(Keldeo lost 77% of its health!)</small><br></div><div class="battle-history"><small>Keldeo had its energy drained!</small><br></div><div class="spacer battle-history"><br></div><div class="battle-history">Keldeo fainted!<br></div><div class="spacer battle-history"><br></div><div class="battle-history"><small>The opposing Volcarona restored a little HP using its Leftovers!</small><br></div><div class="spacer battle-history"><br></div><div class="battle-history">Go! Tornadus (<strong>Tornadus-Therian</strong>)!<br></div><div class="spacer battle-history"><br></div><h2 class="battle-history">Turn 9</h2><div class="spacer battle-history"><br></div><div class="battle-history"><small>Tornadus surrounded itself with its Z-Power!</small><br></div><div class="spacer battle-history"><br></div><div class="battle-history">Tornadus used <strong>Supersonic Skystrike</strong>!<br></div><div class="battle-history"><small>It's super effective!</small><br></div><div class="battle-history"><small>(The opposing Volcarona lost 67% of its health!)</small><br></div><div class="spacer battle-history"><br></div><div class="battle-history">The opposing Volcarona fainted!<br></div><div class="chat message-error">Battle timer is ON: inactive players will automatically lose when time's up. (requested by LiangMi)</div><div class="spacer battle-history"><br></div><div class="battle-history">Megayandel1 sent out <strong>Celesteela</strong>!<br></div><div class="spacer battle-history"><br></div><h2 class="battle-history">Turn 10</h2><div class="spacer battle-history"><br></div><div class="battle-history">Tornadus used <strong>Knock Off</strong>!<br></div><div class="battle-history"><small>(The opposing Celesteela lost 13% of its health!)</small><br></div><div class="spacer battle-history"><br></div><div class="battle-history">The opposing Celesteela used <strong>Flamethrower</strong>!<br></div><div class="battle-history"><small>(Tornadus lost 29% of its health!)</small><br></div><div class="battle-history"><small>Tornadus was burned!</small><br></div><div class="spacer battle-history"><br></div><div class="battle-history"><small>Tornadus was hurt by its burn!</small><br></div><div class="spacer battle-history"><br></div><h2 class="battle-history">Turn 11</h2><div class="spacer battle-history"><br></div><div class="battle-history">Tornadus used <strong>U-turn</strong>!<br></div><div class="battle-history"><small>It's not very effective...</small><br></div><div class="battle-history"><small>(The opposing Celesteela lost 2% of its health!)</small><br></div><div class="spacer battle-history"><br></div><div class="battle-history">Tornadus went back to LiangMi!<br></div><div class="battle-history">Go! <strong>Magnezone</strong>!<br></div><div class="spacer battle-history"><br></div><div class="battle-history">The opposing Celesteela used <strong>Autotomize</strong>!<br></div><div class="battle-history"><small>The opposing Celesteela's Speed rose sharply!</small><br></div><div class="battle-history"><small>The opposing Celesteela became nimble!</small><br></div><div class="spacer battle-history"><br></div><h2 class="battle-history">Turn 12</h2><div class="spacer battle-history"><br></div><div class="battle-history">The opposing Celesteela used <strong>Flamethrower</strong>!<br></div><div class="battle-history"><small>It's super effective!</small><br></div><div class="battle-history"><small>(Magnezone lost 44% of its health!)</small><br></div><div class="spacer battle-history"><br></div><div class="battle-history">Magnezone used <strong>Thunderbolt</strong>!<br></div><div class="battle-history"><small>It's super effective!</small><br></div><div class="battle-history"><small>(The opposing Celesteela lost 85% of its health!)</small><br></div><div class="spacer battle-history"><br></div><div class="battle-history">The opposing Celesteela fainted!<br></div><div class="spacer battle-history"><br></div><div class="battle-history">Megayandel1 sent out <strong>Kartana</strong>!<br></div><div class="spacer battle-history"><br></div><h2 class="battle-history">Turn 13</h2><div class="spacer battle-history"><br></div><div class="battle-history">The opposing Kartana used <strong>Knock Off</strong>!<br></div><div class="battle-history"><small>(Magnezone lost 44% of its health!)</small><br></div><div class="battle-history"><small>The opposing Kartana knocked off Magnezone's Assault Vest!</small><br></div><div class="spacer battle-history"><br></div><div class="battle-history">Magnezone used <strong>Hidden Power</strong>!<br></div><div class="battle-history"><small>It's super effective!</small><br></div><div class="battle-history"><small>(The opposing Kartana lost 100% of its health!)</small><br></div><div class="spacer battle-history"><br></div><div class="battle-history">The opposing Kartana fainted!<br></div><div class="spacer battle-history"><br></div><div class="battle-history">Megayandel1 sent out Venusaur (<strong>Venusaur-Mega</strong>)!<br></div><div class="spacer battle-history"><br></div><h2 class="battle-history">Turn 14</h2><div class="spacer battle-history"><br></div><div class="battle-history">The opposing Venusaur used <strong>Giga Drain</strong>!<br></div><div class="battle-history"><small>It's not very effective...</small><br></div><div class="battle-history"><small>(Magnezone lost 12% of its health!)</small><br></div><div class="spacer battle-history"><br></div><div class="battle-history">Magnezone fainted!<br></div><div class="spacer battle-history"><br></div><div class="battle-history">Go! <strong>Garchomp</strong>!<br></div><div class="spacer battle-history"><br></div><h2 class="battle-history">Turn 15</h2><div class="spacer battle-history"><br></div><div class="battle-history">Garchomp used <strong>Stealth Rock</strong>!<br></div><div class="battle-history"><small>Pointed stones float in the air around the opposing team!</small><br></div><div class="spacer battle-history"><br></div><div class="battle-history">The opposing Venusaur used <strong>Leech Seed</strong>!<br></div><div class="battle-history"><small>Garchomp was seeded!</small><br></div><div class="spacer battle-history"><br></div><div class="battle-history"><small>Garchomp's health is sapped by Leech Seed!</small><br></div><div class="spacer battle-history"><br></div><h2 class="battle-history">Turn 16</h2><div class="spacer battle-history"><br></div><div class="battle-history">Garchomp, come back!<br></div><div class="battle-history">Go! Tornadus (<strong>Tornadus-Therian</strong>)!<br></div><div class="spacer battle-history"><br></div><div class="battle-history">The opposing Venusaur used <strong>Giga Drain</strong>!<br></div><div class="battle-history"><small>It's not very effective...</small><br></div><div class="battle-history"><small>(Tornadus lost 20% of its health!)</small><br></div><div class="spacer battle-history"><br></div><div class="battle-history"><small>Tornadus was hurt by its burn!</small><br></div><div class="spacer battle-history"><br></div><h2 class="battle-history">Turn 17</h2><div class="spacer battle-history"><br></div><div class="battle-history">Tornadus used <strong>Hurricane</strong>!<br></div><div class="battle-history"><small>The opposing Venusaur avoided the attack!</small><br></div><div class="spacer battle-history"><br></div><div class="battle-history">The opposing Venusaur used <strong>Sludge Bomb</strong>!<br></div><div class="battle-history"><small>(Tornadus lost 48% of its health!)</small><br></div><div class="spacer battle-history"><br></div><div class="battle-history"><small>Tornadus was hurt by its burn!</small><br></div><div class="spacer battle-history"><br></div><h2 class="battle-history">Turn 18</h2><div class="spacer battle-history"><br></div><div class="battle-history">Tornadus used <strong>U-turn</strong>!<br></div><div class="battle-history"><small>(The opposing Venusaur lost 6% of its health!)</small><br></div><div class="spacer battle-history"><br></div><div class="battle-history">Tornadus went back to LiangMi!<br></div><div class="battle-history">Go! <strong>Garchomp</strong>!<br></div><div class="spacer battle-history"><br></div><div class="battle-history">The opposing Venusaur used <strong>Giga Drain</strong>!<br></div><div class="battle-history"><small>(Garchomp lost 33% of its health!)</small><br></div><div class="battle-history"><small>Garchomp had its energy drained!</small><br></div><div class="spacer battle-history"><br></div><h2 class="battle-history">Turn 19</h2><div class="spacer battle-history"><br></div><div class="battle-history">The opposing Venusaur used <strong>Giga Drain</strong>!<br></div><div class="battle-history"><small>(Garchomp lost 33% of its health!)</small><br></div><div class="spacer battle-history"><br></div><div class="battle-history">Garchomp used <strong>Roar</strong>!<br></div><div class="spacer battle-history"><br></div><div class="battle-history"><strong>Incineroar</strong> was dragged out!<br></div><div class="battle-history"><small>Pointed stones dug into the opposing Incineroar!</small><br></div><div class="spacer battle-history"><br></div><div class="battle-history">The opposing Incineroar fainted!<br></div><div class="spacer battle-history"><br></div><div class="battle-history">Megayandel1 sent out Venusaur (<strong>Venusaur-Mega</strong>)!<br></div><div class="battle-history"><small>Pointed stones dug into the opposing Venusaur!</small><br></div><div class="spacer battle-history"><br></div><h2 class="battle-history">Turn 20</h2><div class="spacer battle-history"><br></div><div class="battle-history">Garchomp used <strong>Earthquake</strong>!<br></div><div class="battle-history"><small>(The opposing Venusaur lost 39% of its health!)</small><br></div><div class="spacer battle-history"><br></div><div class="battle-history">The opposing Venusaur used <strong>Giga Drain</strong>!<br></div><div class="battle-history"><small>(Garchomp lost 10% of its health!)</small><br></div><div class="battle-history"><small>Garchomp had its energy drained!</small><br></div><div class="spacer battle-history"><br></div><div class="battle-history">Garchomp fainted!<br></div><div class="spacer battle-history"><br></div><div class="battle-history">Go! <strong>Tapu Lele</strong>!<br></div><div class="battle-history"><small>[Tapu Lele's Psychic Surge]</small><br><small>The battlefield got weird!</small><br></div><div class="spacer battle-history"><br></div><h2 class="battle-history">Turn 21</h2><div class="spacer battle-history"><br></div><div class="battle-history">Tapu Lele used <strong>Psychic</strong>!<br></div><div class="battle-history"><small>It's super effective!</small><br></div><div class="battle-history"><small>(The opposing Venusaur lost 56% of its health!)</small><br></div><div class="spacer battle-history"><br></div><div class="battle-history">The opposing Venusaur fainted!<br></div><div class="spacer battle-history"><br></div><div class="battle-history"><strong>LiangMi</strong> won the battle!<br></div><div class="chat"><small>☆Megayandel1 left.</small></div><div class="chat">LiangMi's rating: 1738 → <strong>1750</strong><br>(+12 for winning)</div><div class="chat">Megayandel1's rating: 1586 → <strong>1574</strong><br>(-12 for losing)</div></div><div class="inner-preempt"></div></div></div>
</div>
<script>
let daily = Math.floor(Date.now()/1000/60/60/24);document.write('<script src="https://play.pokemonshowdown.com/js/replay-embed.js?version'+daily+'"></'+'script>');
</script>
